@manual{tdp2023,
        title= {
            {NAMeC - Team Description Paper Small Size League RoboCup 2023 Application of Qualification in Division B}
        },
        year={2023},
        author = {
            P. Felix and O.Ly G. Passault and E. Schmitz and S. Loty and C.Laigle and A.Chauvel and T W.Menier and V. Chaud and L. Paille and E.Miqueu and B.Chew and J.Gautier and T.Decabrat and R.Denieport and P.M.Ancele
        }
}

@manual{tigers_tdp_2020,
        title= {
            {TIGERs Mannheim - Extended Team Description for RoboCup 2020}
        },
        year={2020},
        author = { Andre Ryll and Sabolc Jut }
}

@manual{tdp_tigers_2024,
        title= {
            {TIGERs Mannheim Extended Team Description for RoboCup 2024}
        },
        year={2024},
        author = { Nicolai Ommer and Andr√© Ryll and Michael Ratzel and Mark Geiger }
}

@manual{tdp_zjunlict_2020,
        title= {
            {ZJUNlict Extended Team Description Paper for Robocup 2020}
        },
        year={2020},
        author = { Zheyuan Huang and Haodong Zhang and Dashun Guo and Shenhan Jia and Xianze Fang and Zexi Chen and Yunkai Wang and Peng Hu and Licheng Wen and Lingyun Chen and Zhengxi Li and Rong Xiong }
}

@manual{tdp_kiksbot_2023,
        title= {
            {KIKS Extended Team Description for RoboCup 2023}
        },
        year={2023},
        author = { Daichi Miyajima and Kosei Naito and Hayato Mitsuda and Kazuaki Harada and Mizuki Nonoyama and Ryo Shirai and Futa Sato and Ryuto Tanaka and Yota Dori and Toko Sugiura }
}